@article{main,
  author  = "Ching-Hui Chang and Jyh-Jiuan Lin and Nabendu Pal and Miao-Chen Chiang",
  title   = "A Note on Improved Approximation of the Binomial Distribution by the Skew-Normal Distribution",
  journal = "American Statistical Association",
  volume  = "62",
  number  = "2",
  pages   = "167--170",
  year    = "2008",
  month   = "May",
}
@article{mabs,
  author    = "Martin Schader and Friedrich Schmid",
  title     = "Two Rules of Thumb for the Approximation of the Binomial Distribution by the Normal Distribution",
  journal   = "American Statistical Association",
  volume    = "43",
  number    = "1",
  pages     = "23--24",
  year      = "1989",
  month     = "February",
}
@article{pewsey,
  author    = "Arthur Pewsey",
  title     = "Problems of inference for Azzalini's skew-normal distribution",
  journal   = "Journal of Applied Statistics",
  volume    = "27",
  number    = "7",
  pages     = "859--870",
  year      = "2000",
}
@article{azzalini,
  author    = "Adelchi Azzalini",
  title     = "The Skew-normal Distribution and Related Multivariate Families",
  journal   = "Scandinavian Journal of Statistics",
  volume    = "32",
  pages     = "159--188",
  year      = "2005",
}
@book{textbook,
    author    = "Lee J. Bain and Max Engelhardt",
    title     = "Introduction to Probability and Mathematical Statistics",
    publisher = "Duxbury",
    edition   = "2nd",
    year      = "1992",
}
