@article{main,
  author  = "Ching-Hui Chang and Jyh-Jiuan Lin and Nabendu Pal and Miao-Chen Chiang",
  title   = "A Note on Improved Approximation of the Binomial Distribution by the Skew-Normal Distribution",
  journal = "American Statistical Association",
  volume  = "62",
  number  = "2",
  pages   = "167--170",
  year    = "2008",
  month   = "May",
  note    = "Main article"
}
@article{mabs,
  author    = "Martin Schader and Friedrich Schmid",
  title     = "Two Rules of Thumb for the Approximation of the Binomial Distribution by the Normal Distribution",
  journal   = "American Statistical Association",
  volume    = "43",
  number    = "1",
  pages     = "23--24",
  year      = "1989",
  month     = "February",
  note      = "MABS of the normal approximation"
}
@article{pewsey,
  author    = "Arthur Pewsey",
  title     = "Problems of inference for Azzalini's skew-normal distribution",
  journal   = "Journal of Applied Statistics",
  volume    = "27",
  number    = "7",
  pages     = "859--870",
  year      = "2000",
  note      = "Mean, variance, expected value of the skew normal",
}
@article{azzalini,
  author    = "Adelchi Azzalini",
  title     = "The Skew-normal Distribution and Related Multivariate Families",
  journal   = "Scandinavian Journal of Statistics",
  volume    = "32",
  pages     = "159--188",
  year      = "2005",
  note      = "Advanced properties of the skew-normal",
}
